<?xml version="1.0" encoding="UTF-8"?><collection xmlns="http://www.loc.gov/MARC21/slim"><record><leader>00522nam--2200169-i-4500</leader><controlfield tag="001">000023357</controlfield><controlfield tag="002">20161230</controlfield><controlfield tag="005">20170122234319</controlfield><controlfield tag="008">060222s1000------------r-----000-0-eng-d</controlfield><datafield ind1=" " ind2=" " tag="080"><subfield code="a">778(043)</subfield></datafield><datafield ind1=" " ind2=" " tag="100"><subfield code="a">Grover, Chander Prakash</subfield></datafield><datafield ind1=" " ind2=" " tag="245"><subfield code="a">Traitement optique de l`information a l`aide d`une modulation spatiale aleatoire</subfield><subfield code="b">these</subfield></datafield><datafield ind1=" " ind2=" " tag="260"><subfield code="a">Paris VI</subfield><subfield code="b">Universite De Paris VI</subfield><subfield code="c">1973</subfield></datafield><datafield ind1=" " ind2=" " tag="300"><subfield code="a">/1071-1077 p.</subfield></datafield><datafield ind1=" " ind2=" " tag="490"><subfield code="a">Article Principal. Reprinted From: J.O.S.A</subfield></datafield><datafield ind1=" " ind2=" " tag="852"><subfield code="a">40329</subfield></datafield><datafield ind1=" " ind2=" " tag="CAT"><subfield code="a">SYS</subfield><subfield code="c">20170122</subfield><subfield code="h">234319</subfield></datafield></record></collection>